<record><leader>01883cam a2200493 i 45 0</leader><controlfield tag="001">6801978</controlfield><controlfield tag="003">OCoLC</controlfield><controlfield tag="005">20150209170311.0</controlfield><controlfield tag="006">m    |o  d |      </controlfield><controlfield tag="007">cr*|||||||||||</controlfield><controlfield tag="008">140501s2015    nyu     ob    001 0 eng  </controlfield><datafield ind1=" " ind2=" " tag="010"><subfield code="a">  2014016434</subfield></datafield><datafield ind1=" " ind2=" " tag="020"><subfield code="a">9781139031189 (ebook)</subfield></datafield><datafield ind1=" " ind2=" " tag="020"><subfield code="a">9780521196659 (Hardback)</subfield></datafield><datafield ind1=" " ind2=" " tag="020"><subfield code="a">0521196655 (Hardback)</subfield></datafield><datafield ind1=" " ind2=" " tag="020"><subfield code="a">9780521148825 (Paperback)</subfield></datafield><datafield ind1=" " ind2=" " tag="020"><subfield code="a">0521148820 (Paperback)</subfield></datafield><datafield ind1=" " ind2=" " tag="035"><subfield code="a">ocn903198877</subfield></datafield><datafield ind1=" " ind2=" " tag="040"><subfield code="a">DLC</subfield><subfield code="b">eng</subfield><subfield code="e">rda</subfield><subfield code="c">DLC</subfield><subfield code="d">OCLCF</subfield><subfield code="d">AEU</subfield></datafield><datafield ind1=" " ind2=" " tag="042"><subfield code="a">pcc</subfield></datafield><datafield ind1=" " ind2=" " tag="043"><subfield code="a">cl-----</subfield></datafield><datafield ind1="0" ind2="0" tag="050"><subfield code="a">HQ1460.5</subfield><subfield code="b">.S64 2014</subfield></datafield><datafield ind1="0" ind2="0" tag="082"><subfield code="a">305.4098</subfield><subfield code="2">23</subfield></datafield><datafield ind1=" " ind2=" " tag="084"><subfield code="a">HIS024000</subfield><subfield code="2">bisacsh</subfield></datafield><datafield ind1=" " ind2=" " tag="090"><subfield code="a">Internet Access</subfield><subfield code="b">AEU</subfield></datafield><datafield ind1="1" ind2=" " tag="100"><subfield code="a">Socolow, Susan Migden,</subfield><subfield code="d">1941-</subfield></datafield><datafield ind1="1" ind2="4" tag="245"><subfield code="a">The women of colonial Latin America /</subfield><subfield code="c">Susan Migden Socolow, Emory University.</subfield></datafield><datafield ind1=" " ind2=" " tag="250"><subfield code="a">Second edition.</subfield></datafield><datafield ind1=" " ind2="1" tag="264"><subfield code="a">New York :</subfield><subfield code="b">Cambridge University Press,</subfield><subfield code="c">2014.</subfield></datafield><datafield ind1=" " ind2=" " tag="300"><subfield code="a">1 online resource.</subfield></datafield><datafield ind1=" " ind2=" " tag="336"><subfield code="a">text</subfield><subfield code="2">rdacontent</subfield></datafield><datafield ind1=" " ind2=" " tag="337"><subfield code="a">computer</subfield><subfield code="2">rdamedia</subfield></datafield><datafield ind1=" " ind2=" " tag="338"><subfield code="a">online resource</subfield><subfield code="2">rdacarrier</subfield></datafield><datafield ind1="1" ind2=" " tag="490"><subfield code="a">New approaches to the Americas</subfield></datafield><datafield ind1=" " ind2=" " tag="504"><subfield code="a">Includes bibliographical references and index.</subfield></datafield><datafield ind1=" " ind2=" " tag="506"><subfield code="a">Access restricted to authorized users and institutions.</subfield></datafield><datafield ind1=" " ind2=" " tag="520"><subfield code="a">"This second edition is a highly readable survey of women's experiences in Latin America from the late fifteenth to the early nineteenth century"--</subfield><subfield code="c">Provided by publisher.</subfield></datafield><datafield ind1=" " ind2=" " tag="596"><subfield code="a">44</subfield></datafield><datafield ind1=" " ind2="0" tag="650"><subfield code="a">Women</subfield><subfield code="z">Latin America</subfield><subfield code="x">History.</subfield></datafield><datafield ind1=" " ind2="0" tag="650"><subfield code="a">Women</subfield><subfield code="z">Latin America</subfield><subfield code="x">Social conditions.</subfield></datafield><datafield ind1=" " ind2="0" tag="650"><subfield code="a">Sex role</subfield><subfield code="z">Latin America</subfield><subfield code="x">History.</subfield></datafield><datafield ind1=" " ind2="0" tag="830"><subfield code="a">New approaches to the Americas.</subfield></datafield><datafield ind1="4" ind2="0" tag="856"><subfield code="3">University of Alberta Access</subfield><subfield code="u">http://ebooks.cambridge.org/ebook.jsf?bid=CBO9781139031189</subfield></datafield><datafield ind1=" " ind2=" " tag="926"><subfield code="a">Internet Access</subfield><subfield code="w">LC</subfield><subfield code="c">1</subfield><subfield code="i">6801978-1001</subfield><subfield code="l">INTERNET</subfield><subfield code="m">UAINTERNET</subfield><subfield code="r">Y</subfield><subfield code="s">Y</subfield><subfield code="t">E-RESOURCE</subfield><subfield code="u">2/9/2015</subfield><subfield code="x">E-BOOK</subfield><subfield code="z">CBO</subfield></datafield></record>